<?xml version="1.0" encoding="UTF-8"?>
<record xsi:schemaLocation="http://www.loc.gov/MARC21/slim http://www.loc.gov/standards/marcxml/schema/MARC21slim.xsd"
        xmlns="http://www.loc.gov/MARC21/slim" xmlns:xsi="http://www.w3.org/2001/XMLSchema-instance">
    <leader>09412nas 2201129 a 4500</leader>
    <controlfield tag="005">20131126111154.0</controlfield>
    <controlfield tag="006">m o d</controlfield>
    <controlfield tag="007">cr mnu</controlfield>
    <controlfield tag="008">991014c19879999mdumr pso 0 a0eng c</controlfield>
    <controlfield tag="001">99130180330001021</controlfield>
    <datafield tag="010" ind1=" " ind2=" ">
        <subfield code="a">sn 99004786</subfield>
    </datafield>
    <datafield tag="016" ind1="7" ind2=" ">
        <subfield code="a">016003210</subfield>
        <subfield code="2">Uk</subfield>
    </datafield>
    <datafield tag="022" ind1=" " ind2=" ">
        <subfield code="a">0890-8567</subfield>
    </datafield>
    <datafield tag="022" ind1=" " ind2=" ">
        <subfield code="e">1527-5418</subfield>
    </datafield>
    <datafield tag="035" ind1=" " ind2=" ">
        <subfield code="a">(OCoLC)42640523</subfield>
    </datafield>
    <datafield tag="035" ind1=" " ind2=" ">
        <subfield code="a">(CKB)954925557451</subfield>
    </datafield>
    <datafield tag="035" ind1=" " ind2=" ">
        <subfield code="a">(CONSER)sn 99004786</subfield>
    </datafield>
    <datafield tag="042" ind1=" " ind2=" ">
        <subfield code="a">nsdp</subfield>
        <subfield code="a">pcc</subfield>
    </datafield>
    <datafield tag="050" ind1="1" ind2="4">
        <subfield code="a">RJ499</subfield>
    </datafield>
    <datafield tag="082" ind1="1" ind2="0">
        <subfield code="a">618</subfield>
        <subfield code="2">13</subfield>
    </datafield>
    <datafield tag="130" ind1="0" ind2=" ">
        <subfield code="a">Journal of the American Academy of Child and Adolescent Psychiatry (Online)</subfield>
    </datafield>
    <datafield tag="210" ind1=" " ind2=" ">
        <subfield code="a">J AM ACAD CHILD ADOLESC PSYCHIATR</subfield>
    </datafield>
    <datafield tag="210" ind1=" " ind2=" ">
        <subfield code="a">J AMER ACAD CHILD ADOLESC PSY</subfield>
    </datafield>
    <datafield tag="210" ind1=" " ind2=" ">
        <subfield code="a">J AM ACAD CHILD PSY</subfield>
    </datafield>
    <datafield tag="222" ind1=" " ind2="0">
        <subfield code="a">Journal of the American Academy of Child and Adolescent Psychiatry</subfield>
        <subfield code="b">(Online)</subfield>
    </datafield>
    <datafield tag="245" ind1="1" ind2="0">
        <subfield code="a">Journal of the American Academy of Child &amp; Adolescent Psychiatry</subfield>
        <subfield code="h">[electronic resource].</subfield>
    </datafield>
    <datafield tag="246" ind1="3" ind2=" ">
        <subfield code="a">Journal of the American Academy of Child &amp; Adolescent Psychiatry</subfield>
    </datafield>
    <datafield tag="246" ind1="3" ind2="0">
        <subfield code="a">Child and adolescent psychiatry</subfield>
    </datafield>
    <datafield tag="246" ind1="3" ind2=" ">
        <subfield code="a">Child &amp; adolescent psychiatry</subfield>
    </datafield>
    <datafield tag="260" ind1=" " ind2=" ">
        <subfield code="a">[Baltimore] :</subfield>
        <subfield code="b">Lippincott Williams &amp; Wilkins</subfield>
    </datafield>
    <datafield tag="310" ind1=" " ind2=" ">
        <subfield code="a">Monthly</subfield>
    </datafield>
    <datafield tag="362" ind1="1" ind2=" ">
        <subfield code="a">Print began with vol. 26, no. 1 (Jan. 1987).</subfield>
    </datafield>
    <datafield tag="550" ind1=" " ind2=" ">
        <subfield code="a">Official publication of: the American Academy of Child and Adolescent Psychiatry.</subfield>
    </datafield>
    <datafield tag="588" ind1=" " ind2=" ">
        <subfield code="a">Description based on: Vol. 34, no. 1 (Jan. 1995); title from title screen.</subfield>
    </datafield>
    <datafield tag="588" ind1=" " ind2=" ">
        <subfield code="a">Latest issue consulted: Vol. 47(6) (June 2008) (Ovid Web site, viewed May 29, 2008).
        </subfield>
    </datafield>
    <datafield tag="650" ind1=" " ind2="0">
        <subfield code="a">Child psychiatry</subfield>
        <subfield code="v">Periodicals.</subfield>
    </datafield>
    <datafield tag="650" ind1=" " ind2="0">
        <subfield code="a">Adolescent psychiatry</subfield>
        <subfield code="v">Periodicals.</subfield>
    </datafield>
    <datafield tag="650" ind1=" " ind2="2">
        <subfield code="a">Child Psychiatry</subfield>
        <subfield code="v">Periodicals.</subfield>
    </datafield>
    <datafield tag="650" ind1=" " ind2="2">
        <subfield code="a">Adolescent Psychiatry</subfield>
        <subfield code="v">Periodicals.</subfield>
    </datafield>
    <datafield tag="655" ind1=" " ind2="4">
        <subfield code="a">Electronic journals.</subfield>
    </datafield>
    <datafield tag="780" ind1="0" ind2="0">
        <subfield code="w">(CKB)954927515514</subfield>
    </datafield>
    <datafield tag="710" ind1="2" ind2=" ">
        <subfield code="a">American Academy of Child and Adolescent Psychiatry.</subfield>
    </datafield>
    <datafield tag="906" ind1=" " ind2=" ">
        <subfield code="a">JOURNAL</subfield>
    </datafield>
    <datafield tag="INT" ind1=" " ind2=" ">
        <subfield code="a">E</subfield>
    </datafield>
    <datafield tag="INST" ind1=" " ind2=" ">
        <subfield code="a">01BC_INST</subfield>
    </datafield>
    <datafield tag="AVE" ind1=" " ind2=" ">
        <subfield code="i">01BC_INST</subfield>
        <subfield code="c">WESTON</subfield>
    </datafield>
    <datafield tag="AVE" ind1=" " ind2=" ">
        <subfield code="i">01BC_INST</subfield>
        <subfield code="c">NEWTON</subfield>
    </datafield>
    <datafield tag="AVE" ind1=" " ind2=" ">
        <subfield code="i">01BC_INST</subfield>
        <subfield code="c">MAIN</subfield>
    </datafield>
    <datafield tag="AVE" ind1=" " ind2=" ">
        <subfield code="i">01BC_INST</subfield>
        <subfield code="c">BRIGHTON</subfield>
    </datafield>
    <datafield tag="AVE" ind1=" " ind2=" ">
        <subfield code="i">01BC_INST</subfield>
        <subfield code="c">ALL</subfield>
    </datafield>
    <datafield tag="AVE" ind1=" " ind2=" ">
        <subfield code="i">01BC_INST</subfield>
        <subfield code="l">ALL</subfield>
    </datafield>
</record>